<?xml version="1.0" encoding="UTF-8"?><collection xmlns="http://www.loc.gov/MARC21/slim"><record><leader>00424nam--2200133-i-4500</leader><controlfield tag="001">000010427</controlfield><controlfield tag="002">20161230</controlfield><controlfield tag="005">20161230201028</controlfield><controlfield tag="008">060222s1000------------r-----000-0-eng-d</controlfield><datafield ind1=" " ind2=" " tag="080"><subfield code="a">061.6</subfield></datafield><datafield ind1=" " ind2=" " tag="245"><subfield code="a">Centre d etudes nucleaires de saclay. institut national des sciences et techniques nucleaires es</subfield></datafield><datafield ind1=" " ind2=" " tag="260"><subfield code="a">Paris, Commissariat A L Energie Atomique, 1964 79 P</subfield></datafield><datafield ind1=" " ind2=" " tag="490"><subfield code="a">Commissariat A L Energie Atomique</subfield></datafield><datafield ind1=" " ind2=" " tag="852"><subfield code="a">27235</subfield></datafield></record></collection>